<collection xmlns="http://www.loc.gov/MARC21/slim">
<record>
  <leader>02516nam0a22003971i 450 </leader>
  <controlfield tag="001">IT\ICCU\CNCE\053709</controlfield>
  <controlfield tag="005">20041229000000.0</controlfield>
  <datafield tag="012" ind1=" " ind2=" ">
    <subfield code="a">a.e. n.a- s-ro siti (3) 1560 (R)</subfield>
    <subfield code="2">fei</subfield>
    <subfield code="9">1</subfield>
  </datafield>
  <datafield tag="012" ind1=" " ind2=" ">
    <subfield code="a">m.j. a-er paus uequ (3) 1560 (R)</subfield>
    <subfield code="2">fei</subfield>
    <subfield code="9">2</subfield>
  </datafield>
  <datafield tag="100" ind1=" " ind2=" ">
    <subfield code="a">20021210d1560        0itac0103    ba</subfield>
  </datafield>
  <datafield tag="101" ind1=" " ind2=" ">
    <subfield code="a">LAT</subfield>
  </datafield>
  <datafield tag="102" ind1=" " ind2=" ">
    <subfield code="a">IT</subfield>
  </datafield>
  <datafield tag="200" ind1="1" ind2=" ">
    <subfield code="a">Ripa in primum \-secundum! Decreta. librum. Io. Fra. Ripae de Sancto Nazario. iur. vtr. docto. clariss. Commentaria in primum \-secundum! librum Decretalium. Summa diligentia ex manuscriptis exemplaribus correcta, &amp; multis erroribus expurgata, cum suis summarijs, &amp; repertorio locupletissimis, quae quantum alijs hucusque impressis praestent, si cum illis conferantur, facillime percipi poterit</subfield>
  </datafield>
  <datafield tag="210" ind1=" " ind2=" ">
    <subfield code="a">Venetijs</subfield>
    <subfield code="c">\al segno del Mappamondo!</subfield>
    <subfield code="d">1560</subfield>
    <subfield code="e">Venetijs</subfield>
    <subfield code="g">in edibus Aurelij Pincij</subfield>
    <subfield code="h">impresse</subfield>
  </datafield>
  <datafield tag="215" ind1=" " ind2=" ">
    <subfield code="a">2 v.</subfield>
    <subfield code="d">fol</subfield>
  </datafield>
  <datafield tag="300" ind1=" " ind2=" ">
    <subfield code="a">2: (Venetijs : Aurelius Pincius imprimebat) </subfield>
  </datafield>
  <datafield tag="620" ind1=" " ind2=" ">
    <subfield code="a">IT</subfield>
    <subfield code="d">Venezia</subfield>
  </datafield>
  <datafield tag="700" ind1=" " ind2="1">
    <subfield code="a">Ripa,</subfield>
    <subfield code="b">Giovanni Francesco : da</subfield>
    <subfield code="3">IT\ICCU\CNCA\012905</subfield>
  </datafield>
  <datafield tag="712" ind1="0" ind2="2">
    <subfield code="a">℗al segno del ℗Mappamondo</subfield>
    <subfield code="3">IT\ICCU\CNCT\003537</subfield>
    <subfield code="4">650</subfield>
  </datafield>
  <datafield tag="712" ind1="0" ind2="0">
    <subfield code="a">Pinzi, Aurelio</subfield>
    <subfield code="3">IT\ICCU\CNCT\000792</subfield>
    <subfield code="4">650</subfield>
  </datafield>
  <datafield tag="790" ind1=" " ind2="1">
    <subfield code="a">Riva di San Nazzaro,</subfield>
    <subfield code="b">Gianni Francesco</subfield>
    <subfield code="3">IT\ICCU\CNCA\009677</subfield>
    <subfield code="z">Ripa, Giovanni Francesco : da</subfield>
  </datafield>
  <datafield tag="790" ind1=" " ind2="1">
    <subfield code="a">Sannazari della Ripa,</subfield>
    <subfield code="b">Gianfrancesco</subfield>
    <subfield code="3">IT\ICCU\CNCA\023444</subfield>
    <subfield code="z">Ripa, Giovanni Francesco : da</subfield>
  </datafield>
  <datafield tag="791" ind1="0" ind2="0">
    <subfield code="a">Pintius, Aurelius</subfield>
    <subfield code="3">IT\ICCU\CNCT\002521</subfield>
    <subfield code="z">Pinzi, Aurelio</subfield>
  </datafield>
  <datafield tag="791" ind1="0" ind2="0">
    <subfield code="a">Pincius, Aurelius</subfield>
    <subfield code="3">IT\ICCU\CNCT\004045</subfield>
    <subfield code="z">Pinzi, Aurelio</subfield>
  </datafield>
  <datafield tag="791" ind1="0" ind2="0">
    <subfield code="a">Pincio, Aurelio</subfield>
    <subfield code="3">IT\ICCU\CNCT\005434</subfield>
    <subfield code="z">Pinzi, Aurelio</subfield>
  </datafield>
  <datafield tag="801" ind1=" " ind2="3">
    <subfield code="a">IT</subfield>
    <subfield code="b">ICCU</subfield>
    <subfield code="c">20201115</subfield>
  </datafield>
  <datafield tag="899" ind1=" " ind2=" ">
    <subfield code="a">Biblioteca comunale. Fabriano</subfield>
    <subfield code="1">AN0033</subfield>
    <subfield code="2">URB BF</subfield>
  </datafield>
  <datafield tag="899" ind1=" " ind2=" ">
    <subfield code="a">Biblioteca comunale Planettiana. Jesi</subfield>
    <subfield code="1">AN0092</subfield>
    <subfield code="2">URB BC</subfield>
  </datafield>
  <datafield tag="899" ind1=" " ind2=" ">
    <subfield code="a">Biblioteca del Convento di S. Maria Valleverde. Celano</subfield>
    <subfield code="1">AQ0028</subfield>
    <subfield code="2">ABR SM</subfield>
  </datafield>
  <datafield tag="899" ind1=" " ind2=" ">
    <subfield code="a">Biblioteca di Stato e Beni Librari. Repubblica di San Marino</subfield>
    <subfield code="1">EX0030</subfield>
    <subfield code="2">RAV BS</subfield>
  </datafield>
  <datafield tag="899" ind1=" " ind2=" ">
    <subfield code="a">Biblioteca delle facolt ̉di Giurisprudenza e Scienze politiche dell&apos;Universit ̉degli studi di Urbino. Urbino</subfield>
    <subfield code="1">PU0127</subfield>
    <subfield code="2">URB AG</subfield>
  </datafield>
  <datafield tag="899" ind1=" " ind2=" ">
    <subfield code="a">Biblioteca nazionale centrale. Roma</subfield>
    <subfield code="z">MUTILO</subfield>
    <subfield code="1">RM0267</subfield>
    <subfield code="2">BVE CR</subfield>
  </datafield>
  <datafield tag="899" ind1=" " ind2=" ">
    <subfield code="a">Biblioteca della Facolt ̉di giurisprudenza dell&apos;Universit ̉degli Studi di Teramo. Teramo</subfield>
    <subfield code="1">TE0045</subfield>
    <subfield code="2">ABR R3</subfield>
  </datafield>
  <datafield tag="899" ind1=" " ind2=" ">
    <subfield code="a">Biblioteca diocesana  Beata Lucia Broccadelli. Narni</subfield>
    <subfield code="1">TR0059</subfield>
    <subfield code="2">UM1 77</subfield>
  </datafield>
  <datafield tag="911" ind1=" " ind2=" ">
    <subfield code="a">Sui front.</subfield>
    <subfield code="9">IT\ICCU\CNCM\000371</subfield>
  </datafield>
  <datafield tag="921" ind1=" " ind2=" ">
    <subfield code="a">IT\ICCU\CNCM\000371</subfield>
    <subfield code="b">Mappamondo sormontato da un compasso</subfield>
    <subfield code="e">Non ultra.</subfield>
    <subfield code="c">T39</subfield>
    <subfield code="d">Dimensioni: 4,3 x 4,5</subfield>
    <subfield code="f">COMPASSO</subfield>
    <subfield code="f">MAPPAMONDO</subfield>
    <subfield code="f">NONULTRA</subfield>
    <subfield code="g">1560-1568</subfield>
  </datafield>
</record>
</collection>
